<?xml version="1.0" encoding="utf-8"?>
<record xmlns="http://www.loc.gov/MARC21/slim" xmlns:xsi="http://www.w3.org/2001/XMLSchema-instance" xsi:schemaLocation="http://www.loc.gov/MARC21/slim http://www.loc.gov/standards/marcxml/schema/MARC21slim.xsd">
	<leader>
		01867nam a2200349   4500
	</leader>
	<controlfield tag="001">
		001684212
	</controlfield>
	<controlfield tag="003">
		NNU
	</controlfield>
	<controlfield tag="006">
		m        d        
	</controlfield>
	<controlfield tag="007">
		cr cn |||m|||a
	</controlfield>
	<controlfield tag="008">
		160113s1893    ua      o     000 0 ara  
	</controlfield>
	<datafield ind1=" " ind2=" " tag="040">
		<subfield code="a">
			NNU
		</subfield>
		<subfield code="b">
			eng
		</subfield>
		<subfield code="c">
			NNU
		</subfield>
	</datafield>
	<datafield ind1=" " ind2="4" tag="050">
		<subfield code="a">
			D11
		</subfield>
		<subfield code="b">
			.M87 1893
		</subfield>
	</datafield>
	<datafield ind1=" " ind2=" " tag="066">
		<subfield code="c">
			(3
		</subfield>
	</datafield>
	<datafield ind1=" " ind2=" " tag="090">
		<subfield code="a">
			D11
		</subfield>
		<subfield code="b">
			.M87 1893
		</subfield>
	</datafield>
	<datafield ind1="1" ind2=" " tag="100">
		<subfield code="6">
			880-01
		</subfield>
		<subfield code="a">
			Mukhtār, Muḥammad,
		</subfield>
		<subfield code="d">
			1835-1897.
		</subfield>
	</datafield>
	<datafield ind1="1" ind2="0" tag="245">
		<subfield code="6">
			880-02
		</subfield>
		<subfield code="a">
			Kitāb al-tawfīqāt al-ilhāmīyah fī muqāranat al-tawārīkh al-Hijrīyah bi-al-sinīn al-Ifrankīyah wa-al-Qibṭīyah
		</subfield>
		<subfield code="h">
			[electronic resource] /
		</subfield>
		<subfield code="c">
			taʼlīf Muḥammad Mukhtār.
		</subfield>
	</datafield>
	<datafield ind1=" " ind2=" " tag="250">
		<subfield code="6">
			880-03
		</subfield>
		<subfield code="a">
			al-Ṭabʻah al-ʼūlá.
		</subfield>
	</datafield>
	<datafield ind1=" " ind2=" " tag="260">
		<subfield code="6">
			880-04
		</subfield>
		<subfield code="a">
			Būlāq, Miṣr :
		</subfield>
		<subfield code="b">
			al-Maṭbaʻah al-Mīrīyah,
		</subfield>
		<subfield code="c">
			1311 [1893]
		</subfield>
	</datafield>
	<datafield ind1=" " ind2=" " tag="300">
		<subfield code="a">
			online resource (2, 752 p.)
		</subfield>
	</datafield>
	<datafield ind1=" " ind2=" " tag="500">
		<subfield code="a">
			Part of the Arabic Collections Online (ACO) project, contributed by New York Univeristy Libraries.
		</subfield>
	</datafield>
	<datafield ind1=" " ind2=" " tag="533">
		<subfield code="a">
			Electronic reproduction.
		</subfield>
		<subfield code="b">
			New York, N.Y. :
		</subfield>
		<subfield code="c">
			New York University,
		</subfield>
		<subfield code="d">
			2016.
		</subfield>
		<subfield code="5">
			NNU
		</subfield>
	</datafield>
	<datafield ind1=" " ind2="0" tag="650">
		<subfield code="a">
			Chronology, Historical.
		</subfield>
	</datafield>
	<datafield ind1="2" ind2=" " tag="710">
		<subfield code="a">
			New York University.
		</subfield>
		<subfield code="b">
			Libraries.
		</subfield>
	</datafield>
	<datafield ind1="0" ind2=" " tag="730">
		<subfield code="a">
			Arabic Collections Online.
		</subfield>
	</datafield>
	<datafield ind1="0" ind2="8" tag="776">
		<subfield code="i">
			Print version:
		</subfield>
		<subfield code="a">
			Mukhtār, Muḥammad, 1835-1897.
		</subfield>
		<subfield code="t">
			Kitāb al-tawfīqāt al-ilhāmīyah fī muqāranat al-tawārīkh al-Hijrīyah bi-al-sinīn al-Ifrankīyah wa-al-Qibṭīyah
		</subfield>
		<subfield code="w">
			(NNU)001684212
		</subfield>
		<subfield code="w">
			(DLC)60025497
		</subfield>
	</datafield>
	<datafield ind1="4" ind2="0" tag="856">
		<subfield code="u">
			http://hdl.handle.net/2333.1/cvdncnqv
		</subfield>
	</datafield>
	<datafield ind1="1" ind2=" " tag="880">
		<subfield code="6">
			100-01/
		</subfield>
		<subfield code="a">
			مختار، محمد،
		</subfield>
		<subfield code="c">
			1835-1897.
		</subfield>
	</datafield>
	<datafield ind1="1" ind2="0" tag="880">
		<subfield code="6">
			245-02/
		</subfield>
		<subfield code="a">
			كتاب التوفيقات الالهامية في مقارنة التواريخ الهجرية بالسنين الافرنكية والقبطية /
		</subfield>
		<subfield code="c">
			تأليف محمد مختار باشا.
		</subfield>
	</datafield>
	<datafield ind1=" " ind2=" " tag="880">
		<subfield code="6">
			250-03/
		</subfield>
		<subfield code="a">
			الطبعة الأولى.
		</subfield>
	</datafield>
	<datafield ind1=" " ind2=" " tag="880">
		<subfield code="6">
			260-04/
		</subfield>
		<subfield code="a">
			بولاق، مصر :
		</subfield>
		<subfield code="b">
			المطبعة الميرية،
		</subfield>
		<subfield code="c">
			1311 [1893]
		</subfield>
	</datafield>
	<datafield ind1=" " ind2=" " tag="959">
		<subfield code="a">
			NNU
		</subfield>
		<subfield code="b">
			WEB
		</subfield>
		<subfield code="c">
			GENI
		</subfield>
		<subfield code="t">
			0
		</subfield>
		<subfield code="m">
			Electronic access
		</subfield>
		<subfield code="s">
			01
		</subfield>
	</datafield>
	<datafield ind1=" " ind2=" " tag="999">
		<subfield code="i">
			NNU_001684212
		</subfield>
		<subfield code="s">
			nyu_aco001233
		</subfield>
	</datafield>
</record>
